@article{Marvin,
title = {{Marvin Project}},
url = {http://marvinproject.sourceforge.net},
year = {2018}
}
@article{Kolkur2017,
author = {Kolkur, S. and Kalbande, D. and Shimpi, P. and Bapat, C. and Jatakia, J.},
title = {{Human Skin Detection Using RGB, HSV and YCbCr Color Models}},
year = {2017}
}
@book{Mittal2011,
author = {Mittal, Arpit and Zisserman, Andrew and Torr, Phil},
title = {{Hand detection using multiple proposals}},
year = {2011}
}
